<?xml version="1.0" encoding="UTF-8"?><collection xmlns="http://www.loc.gov/MARC21/slim"><record><leader>00405nam--2200133-i-4500</leader><controlfield tag="001">000032879</controlfield><controlfield tag="002">20161230</controlfield><controlfield tag="005">20161230201039</controlfield><controlfield tag="008">060222s1000------------r-----000-0-eng-d</controlfield><datafield ind1=" " ind2=" " tag="080"><subfield code="a">65.011.5(043)</subfield></datafield><datafield ind1=" " ind2=" " tag="100"><subfield code="a">Marin, Ene Al</subfield></datafield><datafield ind1=" " ind2=" " tag="245"><subfield code="a">Analiza si sinteza mecanismelor manipulatoare cu 5 grade de mobilitate. teza</subfield></datafield><datafield ind1=" " ind2=" " tag="260"><subfield code="a">Bucuresti, Comitetul De Stat Pentru Energia Nucleara, 1985, 159p</subfield></datafield><datafield ind1=" " ind2=" " tag="852"><subfield code="a">72640</subfield></datafield></record></collection>